@book { taylor
      , title = {Foundations of Analysis}
      , author = {Joseph L. Taylor}
      , publisher = {American Mathematical Society}
      , year = {2012}
      , isbn = {978-0-8218-8984-8}
      , address = {201 Charles Street, Providence, Rhode Island 02904-2294 USA}
      }